
@article{chen_harp_2018,
	title = {{HARP}: {Hierarchical} {Representation} {Learning} for {Networks}},
	volume = {32},
	copyright = {Copyright (c)},
	issn = {2374-3468},
	shorttitle = {{HARP}},
	url = {https://ojs.aaai.org/index.php/AAAI/article/view/11849},
	language = {en},
	number = {1},
	urldate = {2021-05-25},
	journal = {Proceedings of the AAAI Conference on Artificial Intelligence},
	author = {Chen, Haochen and Perozzi, Bryan and Hu, Yifan and Skiena, Steven},
	month = apr,
	year = {2018},
	note = {Number: 1},
	keywords = {network classification},
}
